
@misc{shapefile, "Analyze the NYC Taxi Data", url={https://chih-ling-hsu.github.io/2018/05/14/NYC}}


@online{randomforest,
        title = {StatQuest: Random Forests Part 1 - Building, Using and Evaluating},
        date = {2018},
        organization = {Youtube},
        author = {Josh Starmer},
        url = {https://www.youtube.com/watch?v=J4Wdy0Wc_xQ&t},
    }
    
    
    
     @misc{blackout, title={When the power went out 16 years ago today | CBC Archives}, url={https://www.cbc.ca/archives/the-great-north-america-blackout-of-2003-1.4683696}, abstractNote={More than 50 million people went without electricity after a massive power outage crippled grids in Ontario and the eastern United States in August 2003.}, note={00000}, journal={CBC}, author={Jun 21, CBC Archives Â· Posted: and August 14, 2018 11:01 AM ET | Last Updated:}, year={2018}, month={Jun} }